@article{nilsson2009design,
	title={Design patterns for user interface for mobile applications},
	author={Nilsson, Erik G},
	journal={Advances in engineering software},
	volume={40},
	number={12},
	pages={1318--1328},
	year={2009},
	publisher={Elsevier}
}

@article{braham2022user,
	title={User interface design patterns and ontology models for adaptive mobile applications},
	author={Braham, Amani and Buend{\'\i}a, F{\'e}lix and Khemaja, Maha and Gargouri, Faiez},
	journal={Personal and Ubiquitous Computing},
	volume={26},
	number={6},
	pages={1395--1411},
	year={2022},
	publisher={Springer}
}

@book{nudelman2013android,
	title={Android design patterns: interaction design solutions for developers},
	author={Nudelman, Greg},
	year={2013},
	publisher={John Wiley \& Sons}
}

