@article{redondo2014,
	title={Mobile learning en el ámbito de la arquitectura y la edificación. Análisis de casos de estudio},
	author={Redondo, E. and Fonseca, D. and Sánchez, A. and Navarro, I.},
	journal={RUSC. Universities and Knowledge Society Journal},
	volume={11},
	number={1},
	pages={152--174},
	year={2014}
}

@inproceedings{najar2014,
	title={Eficiencia de aplicaciones móviles según su arquitectura},
	author={Najar Ruíz, P. J. and Ledesma, E. and Rocabado Moreno, S. H. and Herrera, S. I. and Palavecino, R.},
	booktitle={XX Congreso Argentino de Ciencias de la Computación},
	year={2014},
	address={Buenos Aires}
}

@article{molina2012,
	title={Sistema operativo Android: características y funcionalidad para dispositivos móviles},
	author={Molina Rivera, Y. J. and Sandoval Cardona, J. and Toledo Franco, S. A.},
	journal={Journal},
	year={2012}
}
