@article{poku2021mobile,
	title={Mobile Application Development Methods: Comparing Native and Non-Native Applications},
	author={Poku-Marboah, Oheneba},
	year={2021}
}

@article{offiah2016non,
	title={Non-native mobile porting and multi-platform benchmarking of blind source separation algorithms},
	author={Offiah, Marvin Chibuzo and Borschbach, Markus},
	journal={International Journal of Computing and Digital Systems},
	volume={5},
	number={01},
	year={2016},
	publisher={University of Bahrain}
}
